@misc{zhang2025dualbevnavduallayerbevbased,
      title={Dual-BEV Nav: Dual-layer BEV-based Heuristic Path Planning for Robotic Navigation in Unstructured Outdoor Environments},
      author={Jianfeng Zhang and Hanlin Dong and Jian Yang and Jiahui Liu and Shibo Huang and Ke Li and Xuan Tang and Xian Wei and Xiong You},
      year={2025},
      eprint={2501.18351},
      archivePrefix={arXiv},
      primaryClass={cs.RO},
      url={https://arxiv.org/abs/2501.18351},
}